<record><leader>00000cas a22000007a 4500</leader><controlfield tag="001">13550102</controlfield><controlfield tag="008">860509d18941924wiuwr ne      0    0ger d</controlfield><datafield ind1=" " ind2=" " tag="010"><subfield code="a">sn 86086202 </subfield></datafield><datafield ind1=" " ind2=" " tag="040"><subfield code="a">NPV</subfield><subfield code="b">eng</subfield><subfield code="c">NPV</subfield><subfield code="d">OCLCQ</subfield></datafield><datafield ind1="0" ind2=" " tag="041"><subfield code="a">gereng</subfield></datafield><datafield ind1=" " ind2=" " tag="042"><subfield code="a">msc</subfield></datafield><datafield ind1="0" ind2=" " tag="130"><subfield code="a">Buffalo County Republikaner (Fountain City, Wis. : 1894)</subfield></datafield><datafield ind1="1" ind2="0" tag="245"><subfield code="a">Buffalo County Republikaner.</subfield></datafield><datafield ind1="1" ind2="3" tag="246"><subfield code="a">Buffalo County Republikaner und Alma Bla&#776;tter</subfield></datafield><datafield ind1=" " ind2=" " tag="260"><subfield code="a">Fountain City, Wis. :</subfield><subfield code="b">P.F. Mu&#776;ller,</subfield><subfield code="c">1894-1924.</subfield></datafield><datafield ind1=" " ind2=" " tag="300"><subfield code="a">v.</subfield></datafield><datafield ind1=" " ind2=" " tag="310"><subfield code="a">Weekly</subfield></datafield><datafield ind1="0" ind2=" " tag="362"><subfield code="a">Jahrg. 34, no. 11 (29 Nov., 1894)-Jahrg. 63, no. 21 (31 Jan., 1924).</subfield></datafield><datafield ind1=" " ind2=" " tag="500"><subfield code="a">Publisher varies.</subfield></datafield><datafield ind1=" " ind2=" " tag="500"><subfield code="a">Title varies: Buffalo County Republikaner und Alma Bla&#776;tter; Jahrgang 42, no. 16 (Dec. 23, 1902)-jahrg. 42, no. 17 (Dec. 30, 1902).</subfield></datafield><datafield ind1=" " ind2=" " tag="546"><subfield code="a">In German with some columns in English.</subfield></datafield><datafield ind1=" " ind2=" " tag="752"><subfield code="a">United States</subfield><subfield code="b">Wisconsin</subfield><subfield code="c">Buffalo</subfield><subfield code="d">Fountain City.</subfield></datafield><datafield ind1=" " ind2=" " tag="752"><subfield code="a">United States</subfield><subfield code="b">Wisconsin</subfield><subfield code="c">Buffalo</subfield><subfield code="d">Alma.</subfield></datafield><datafield ind1="0" ind2="0" tag="780"><subfield code="t">Buffalo County Republikaner und Alma Bla&#776;tter (Fountain City, Wis.)</subfield><subfield code="w">(DLC)sn 84024901</subfield></datafield><datafield ind1="0" ind2="0" tag="785"><subfield code="t">Buffalo County Republican</subfield><subfield code="w">(DLC)sn 86086203</subfield></datafield></record>